<record><leader>00000cas a22000007a 4500</leader><controlfield tag="001">10259197</controlfield><controlfield tag="008">840103d18531860pauwr ne      0    0eng d</controlfield><datafield ind1=" " ind2=" " tag="010"><subfield code="a">sn 84026003 </subfield></datafield><datafield ind1=" " ind2=" " tag="040"><subfield code="a">NPU</subfield><subfield code="b">eng</subfield><subfield code="c">NPU</subfield><subfield code="d">NPY</subfield><subfield code="d">NPX</subfield><subfield code="d">NPH</subfield><subfield code="d">OCLCQ</subfield></datafield><datafield ind1=" " ind2=" " tag="042"><subfield code="a">msc</subfield></datafield><datafield ind1="0" ind2=" " tag="130"><subfield code="a">Spirit of the age (Meadville, Pa.)</subfield></datafield><datafield ind1="1" ind2="4" tag="245"><subfield code="a">The spirit of the age.</subfield></datafield><datafield ind1=" " ind2=" " tag="260"><subfield code="a">Meadville [Pa.] :</subfield><subfield code="b">Mitchell &amp; Fay,</subfield><subfield code="c">-1860.</subfield></datafield><datafield ind1=" " ind2=" " tag="300"><subfield code="a">v. ;</subfield><subfield code="c">47-61 cm.</subfield></datafield><datafield ind1=" " ind2=" " tag="310"><subfield code="a">Weekly</subfield></datafield><datafield ind1="0" ind2=" " tag="362"><subfield code="a">-v. 6, no. 48 (May 18, 1860).</subfield></datafield><datafield ind1="1" ind2=" " tag="362"><subfield code="a">Began in 1853.</subfield></datafield><datafield ind1=" " ind2=" " tag="500"><subfield code="a">Publishers: Harpur Mitchell &amp; John B. Fay, &lt;1853&gt;; Harpur Mitchell, &lt;1855&gt;; Mitchell &amp; Hamilton, &lt;1859&gt;-1860; George H. Hamilton, 1860.</subfield></datafield><datafield ind1=" " ind2=" " tag="500"><subfield code="a">Editor: Harpur Mitchell, &lt;1853&gt;.</subfield></datafield><datafield ind1=" " ind2=" " tag="580"><subfield code="a">Continued by: Meadville Republican (Meadville, Pa. : 1860). Cf. Hist. of Crawford Co. Pa., 1885.</subfield></datafield><datafield ind1=" " ind2=" " tag="588"><subfield code="a">Description based on: Vol. 1, no. 11 (Oct. 29, 1853).</subfield></datafield><datafield ind1=" " ind2=" " tag="752"><subfield code="a">United States</subfield><subfield code="b">Pennsylvania</subfield><subfield code="c">Crawford</subfield><subfield code="d">Meadville.</subfield></datafield><datafield ind1="0" ind2=" " tag="775"><subfield code="t">Semi-weekly spirit of the age</subfield><subfield code="w">(DLC)sn 88079326</subfield></datafield><datafield ind1="1" ind2="0" tag="785"><subfield code="t">Meadville Republican (Meadville, Pa. : 1860)</subfield><subfield code="w">(DLC)sn 84026029</subfield></datafield></record>